@article{Onsager,
  title = {Crystal Statistics. I. A Two-Dimensional Model with an Order-Disorder Transition},
  author = {Onsager, Lars},
  journal = {Phys. Rev.},
  volume = {65},
  issue = {3-4},
  pages = {117--149},
  numpages = {0},
  year = {1944},
  month = {Feb},
  publisher = {American Physical Society},
  doi = {10.1103/PhysRev.65.117},
  url = {https://link.aps.org/doi/10.1103/PhysRev.65.117}
}

@book{Algorithm,
  Author = {Barry McCoy and Tai Tsun Wu},
  Title = {The Two-Dimensional Ising Model},
  Publisher = {Harvard University Press},
  Year = {1973},
  ISBN = {0674914406},
  URL = {https://www.amazon.com/Two-Dimensional-Ising-Model-Barry-McCoy/dp/0674914406?SubscriptionId=0JYN1NVW651KCA56C102&tag=techkie-20&linkCode=xm2&camp=2025&creative=165953&creativeASIN=0674914406}
}

@article{Hastings1970,
  doi = {10.1093/biomet/57.1.97},
  url = {https://doi.org/10.1093/biomet/57.1.97},
  year  = {1970},
  month = {apr},
  publisher = {Oxford University Press ({OUP})},
  volume = {57},
  number = {1},
  pages = {97--109},
  author = {W. K. Hastings},
  title = {Monte Carlo sampling methods using Markov chains and their applications},
  journal = {Biometrika}
}

@article{fss,
  doi = {10.1143/ptps.87.23},
  url = {https://doi.org/10.1143/ptps.87.23},
  year  = {1986},
  publisher = {Oxford University Press ({OUP})},
  volume = {87},
  pages = {23--32},
  author = {Takehiko Oguchi and Yoshihiro Taguchi},
  title = {Transfer Matrix and Finite-Size Scaling for the Ising Model on Two- and Three-Dimensional Lattices},
  journal = {Progress of Theoretical Physics Supplement}
}


@article{histIsing,
  doi = {10.1103/revmodphys.39.883},
  url = {https://doi.org/10.1103/revmodphys.39.883},
  year  = {1967},
  month = {oct},
  publisher = {American Physical Society ({APS})},
  volume = {39},
  number = {4},
  pages = {883--893},
  author = {Stephen G. Brush},
  title = {History of the Lenz-Ising Model},
  journal = {Reviews of Modern Physics}
}

@article{Ising1925,
  doi = {10.1007/bf02980577},
  url = {https://doi.org/10.1007/bf02980577},
  year  = {1925},
  month = {feb},
  publisher = {Springer Nature},
  volume = {31},
  number = {1},
  pages = {253--258},
  author = {Ernst Ising},
  title = {Beitrag zur Theorie des Ferromagnetismus},
  journal = {Zeitschrift f\"{u}r Physik}
}

@book{fdt,
  Author = {David Chandler},
  Title = {Introduction to Modern Statistical Mechanics},
  Publisher = {Oxford University Press},
  Year = {1987},
  ISBN = {0195042778},
  pages = {255--259},
  URL = {https://www.amazon.com/Introduction-Modern-Statistical-Mechanics-Chandler/dp/0195042778?SubscriptionId=0JYN1NVW651KCA56C102&tag=techkie-20&linkCode=xm2&camp=2025&creative=165953&creativeASIN=0195042778}
}

@book{fssCardy,
  Author = {John Cardy},
  Title = {Scaling and Renormalization in Statistical Physics (Cambridge Lecture Notes in Physics)},
  Publisher = {Cambridge University Press},
  Year = {1996},
  ISBN = {0521499593},
  URL = {https://www.amazon.com/Scaling-Renormalization-Statistical-Physics-Cambridge/dp/0521499593?SubscriptionId=0JYN1NVW651KCA56C102&tag=techkie-20&linkCode=xm2&camp=2025&creative=165953&creativeASIN=0521499593}
}

@book{Brent,
  Author = {Richard P. Brent},
  Title = {Algorithms for Minimisation without Derivatives (Automatic Computation)},
  Publisher = {Prentice Hall},
  Year = {1972},
  ISBN = {0130223352},
  chapter = {An Algorithm with Guaranteed Convergence for Finding a Zero of a Function}
}

@book{Schwabl,
  title={Statistische Mechanik},
  author={Schwabl, F.},
  isbn={9783540310976},
  series={Springer-Lehrbuch},
  url={https://books.google.de/books?id=kuHbIADUYmoC},
  year={2006},
  publisher={Physica-Verlag}
}

@book{critExps,
  Author = {John Cardy},
  Title = {Scaling and Renormalization in Statistical Physics (Cambridge Lecture Notes in Physics)},
  Publisher = {Cambridge University Press},
  Year = {1996},
  ISBN = {0521499593},
}

@article{Wolff,
title = "Critical slowing down",
journal = "Nuclear Physics B - Proceedings Supplements",
volume = "17",
pages = "93 - 102",
year = "1990",
issn = "0920-5632",
doi = "https://doi.org/10.1016/0920-5632(90)90224-I",
url = "http://www.sciencedirect.com/science/article/pii/092056329090224I",
author = "Ulli Wolff"
}
