@FOOTNOTE{Note1,key="Note1",note="From now onwards we shall ignore all other possible next-nearest neighbour interactions"}
@FOOTNOTE{Note2,key="Note2",note="in \(D\) dimensions it would be \(2 \cdot D\) spins"}
@FOOTNOTE{Note3,key="Note3",note="magnetisation present in a sample of magnetically susceptible material, after a field was applied to it and switched off. "}
@FOOTNOTE{Note4,key="Note4",note="Physical constants have been re-absorbed into our units of measurement. "}
@FOOTNOTE{Note5,key="Note5",note="While we could also partition each lattice and update spins concurrently, this produces a \protect \emph  {race condition,} when two adjacent spins are modified concurrently.This leads to a slight change in effective probability of the spin flip and shifts \(T_c\), The problem is exasperated by the fact that the spin-lattice is small: typically \(N < 64\). "}
@CONTROL{REVTEX41Control}
@CONTROL{apsrev41Control,author="08",editor="1",pages="0",title="",year="1"}
